<?xml version="1.0" encoding="UTF-8"?><collection xmlns="http://www.loc.gov/MARC21/slim"><record><leader>00402nam--2200133-i-4500</leader><controlfield tag="001">000005117</controlfield><controlfield tag="002">20161230</controlfield><controlfield tag="005">20161230201026</controlfield><controlfield tag="008">060222s1000------------r-----000-0-eng-d</controlfield><datafield ind1=" " ind2=" " tag="100"><subfield code="a">Braddick, H. J. J</subfield></datafield><datafield ind1=" " ind2=" " tag="245"><subfield code="a">The physics of experimental method. with a for eword by prof.p.m.s.blackett. reprinted with r evisions</subfield></datafield><datafield ind1=" " ind2=" " tag="260"><subfield code="a">New York, John Wiley, 1956</subfield></datafield><datafield ind1=" " ind2=" " tag="490"><subfield code="a">Xx + 408 P</subfield></datafield><datafield ind1=" " ind2=" " tag="852"><subfield code="a">53.082(075.8)</subfield></datafield></record></collection>